<collection xmlns="http://www.loc.gov/MARC21/slim">
<record>
  <leader>01010nam0a2200229 i 450 </leader>
  <controlfield tag="001">IT\ICCU\CNCE\035515</controlfield>
  <controlfield tag="005">20130204000000.0</controlfield>
  <datafield tag="012" ind1=" " ind2=" ">
    <subfield code="a">n-s. o.s. em*: pu** (C) 1555 (R)</subfield>
    <subfield code="2">fei</subfield>
  </datafield>
  <datafield tag="100" ind1=" " ind2=" ">
    <subfield code="a">19980112d1555        0itac0103    ba</subfield>
  </datafield>
  <datafield tag="101" ind1=" " ind2=" ">
    <subfield code="a">LAT</subfield>
  </datafield>
  <datafield tag="102" ind1=" " ind2=" ">
    <subfield code="a">IT</subfield>
  </datafield>
  <datafield tag="200" ind1="1" ind2=" ">
    <subfield code="a">Liber de offitio sacerdotis curatis secundum vsum et consuetudinem ecclesie Patauine hactenus non impressus. Auctoritate &amp; bona venia reuerendissimi patris nostri domini Gerardi Busdraghi episcopi argolicensis &amp; ecclesie Patauine propresulis dignissimi</subfield>
  </datafield>
  <datafield tag="210" ind1=" " ind2=" ">
    <subfield code="a">Patauii</subfield>
    <subfield code="c">apud Iacopum Fabrianum</subfield>
    <subfield code="d">1555</subfield>
  </datafield>
  <datafield tag="215" ind1=" " ind2=" ">
    <subfield code="a">\40! c.</subfield>
    <subfield code="d">4ʻ</subfield>
  </datafield>
  <datafield tag="620" ind1=" " ind2=" ">
    <subfield code="a">IT</subfield>
    <subfield code="d">Padova</subfield>
  </datafield>
  <datafield tag="710" ind1="0" ind2="2">
    <subfield code="a">Padova</subfield>
    <subfield code="c"> &lt;Diocesi&gt;</subfield>
    <subfield code="3">8735</subfield>
  </datafield>
  <datafield tag="702" ind1=" " ind2="1">
    <subfield code="a">Busdraghi,</subfield>
    <subfield code="b">Gerardo</subfield>
    <subfield code="3">IT\ICCU\CNCA\002143</subfield>
  </datafield>
  <datafield tag="712" ind1="0" ind2="0">
    <subfield code="a">Fabriano, Giacomo</subfield>
    <subfield code="3">IT\ICCU\CNCT\000154</subfield>
    <subfield code="4">650</subfield>
  </datafield>
  <datafield tag="791" ind1="0" ind2="0">
    <subfield code="a">Fabrianus, Iacobus</subfield>
    <subfield code="3">IT\ICCU\CNCT\004744</subfield>
    <subfield code="z">Fabriano, Giacomo</subfield>
  </datafield>
  <datafield tag="791" ind1="0" ind2="0">
    <subfield code="a">Fabriano, Iacobo</subfield>
    <subfield code="3">IT\ICCU\CNCT\005059</subfield>
    <subfield code="z">Fabriano, Giacomo</subfield>
  </datafield>
  <datafield tag="801" ind1=" " ind2="3">
    <subfield code="a">IT</subfield>
    <subfield code="b">ICCU</subfield>
    <subfield code="c">20201114</subfield>
  </datafield>
  <datafield tag="899" ind1=" " ind2=" ">
    <subfield code="a">Biblioteca civica. Padova</subfield>
    <subfield code="1">PD0090</subfield>
    <subfield code="2">PUV 55</subfield>
  </datafield>
</record>
</collection>
